@article{Shannon1948,
  title={A mathematical theory of communication},
  author={Shannon, Claude Elwood},
  journal={The Bell Technical Journal},
  volume={27},
  number={4},
  pages={379--423},
  year={1948}
}

@article{StrongEtAl1998,
  title={Entropy and information in neural spike trains},
  author={Strong, Steven P and Koberle, Roland and van Steveninck, Rob R de Ruyter and Bialek, William},
  journal={Physical review letters},
  volume={80},
  number={1},
  pages={197},
  year={1998},
  publisher={APS}
}

@article{BialekEtAl1991,
  title={Reading a neural code},
  author={Bialek, William and Rieke, Fred and Van Steveninck, RR De Ruyter and Warland, David},
  journal={Science},
  volume={252},
  number={5014},
  pages={1854--1857},
  year={1991},
  publisher={American Association for the Advancement of Science}
}

@article{RiekeWarlandBialek1993,
  title={Coding efficiency and information rates in sensory neurons},
  author={Rieke, F and Warland, D and Bialek, W},
  journal={EPL (Europhysics Letters)},
  volume={22},
  number={2},
  pages={151},
  year={1993},
  publisher={IOP Publishing}
}

@article{RiekeBodnarBialek1995,
  title={Naturalistic stimuli increase the rate and efficiency of information transmission by primary auditory afferents},
  author={Rieke, F and Bodnar, DA and Bialek, W},
  journal={Proc. R. Soc. Lond. B},
  volume={262},
  number={1365},
  pages={259--265},
  year={1995},
  publisher={The Royal Society}
}

@article{BellSejnowski1995,
  title={An information-maximization approach to blind separation and blind deconvolution},
  author={Bell, Anthony J and Sejnowski, Terrence J},
  journal={Neural computation},
  volume={7},
  number={6},
  pages={1129--1159},
  year={1995},
  publisher={MIT Press}
}

@article{NemenmanEtAl2004,
  title={Entropy and information in neural spike trains: Progress on the sampling problem},
  author={Nemenman, Ilya and Bialek, William and van Steveninck, Rob de Ruyter},
  journal={Physical Review E},
  volume={69},
  number={5},
  pages={056111},
  year={2004},
  publisher={APS}
}

@article{Houghton2015,
  title={Calculating mutual information for spike trains and other data with distances but no coordinates},
  author={Houghton, Conor},
  journal={Royal Society open science},
  volume={2},
  number={5},
  pages={140391},
  year={2015},
  publisher={The Royal Society}
}

@article{Houghton2018,
  title={Calculating the Mutual Information Between Two Spike Trains},
  author={Houghton, Conor J},
  journal={bioRxiv},
  pages={423608},
  year={2018},
  publisher={Cold Spring Harbor Laboratory}
}

@article{Hyvarinen1999,
  title={Fast and robust fixed-point algorithms for independent component analysis},
  author={Hyvarinen, Aapo},
  journal={IEEE transactions on Neural Networks},
  volume={10},
  number={3},
  pages={626--634},
  year={1999},
  publisher={IEEE}
}

@book{PressEtAl2007,
  title={Numerical recipes 3rd edition: The art of scientific computing},
  author={Press, William H and Teukolsky, Saul A and Vetterling, William T and Flannery, Brian P},
  year={2007},
  publisher={Cambridge university press}
}

@article{Amari1998,
  title={Natural gradient works efficiently in learning},
  author={Amari, Shun-Ichi},
  journal={Neural computation},
  volume={10},
  number={2},
  pages={251--276},
  year={1998},
  publisher={MIT Press}
}

@article{ErnstBanks2002,
  title={Humans integrate visual and haptic information in a statistically optimal fashion},
  author={Ernst, Marc O and Banks, Martin S},
  journal={Nature},
  volume={415},
  number={6870},
  pages={429},
  year={2002},
  publisher={Nature Publishing Group}
}
